<?xml version="1.0" encoding="UTF-8"?><record xmlns="http://www.loc.gov/MARC21/slim" xmlns:cinclude="http://apache.org/cocoon/include/1.0" xmlns:zs="http://www.loc.gov/zing/srw/">
  <leader>00681cz  a2200145n  4500</leader>
  <controlfield tag="001">no2008053341</controlfield>
  <controlfield tag="003">DLC</controlfield>
  <controlfield tag="005">20120817083145.0</controlfield>
  <controlfield tag="008">080401n| acannaabn          |n ana     c</controlfield>
  <datafield tag="010" ind1=" " ind2=" ">
    <subfield code="a">no2008053341</subfield>
  </datafield>
  <datafield tag="035" ind1=" " ind2=" ">
    <subfield code="a">(OCoLC)oca07728491</subfield>
  </datafield>
  <datafield tag="040" ind1=" " ind2=" ">
    <subfield code="a">ItFiC</subfield>
    <subfield code="b">eng</subfield>
    <subfield code="c">ItFiC</subfield>
    <subfield code="d">DLC</subfield>
  </datafield>
  <datafield tag="111" ind1="2" ind2=" ">
    <subfield code="a">Convegno internazionale Spiritualità e storia nell'opera di Rodolfo Doni</subfield>
    <subfield code="d">(2008 :</subfield>
    <subfield code="c">Florence, Italy)</subfield>
  </datafield>
  <datafield tag="667" ind1=" " ind2=" ">
    <subfield code="a">THIS 1XX FIELD CANNOT BE USED UNDER RDA UNTIL THIS RECORD HAS BEEN REVIEWED AND/OR UPDATED</subfield>
  </datafield>
  <datafield tag="670" ind1=" " ind2=" ">
    <subfield code="a">Spiritualità e storia nell'opera di Rodolfo Doni, c2008:</subfield>
    <subfield code="b">t.p. verso (Convegno internazionale Spiritualità e storia nell'opera di Rodolfo Doni; held in Florence, Italy, Feb. 25, 2008)</subfield>
  </datafield>
</record>